%% This BibTeX bibliography file in UTF-8 format was created using Papers.
%% http://mekentosj.com/papers/

@article{Olsen:2004p27,
author = {Dan Olsen and Jr and Trent Taufer and Jerry Fails}, 
journal = {UIST '04: Proceedings of the 17th annual ACM symposium on User interface software and technology},
title = {ScreenCrayons: annotating anything},
abstract = {ScreenCrayons is a system for collecting annotations on any type of document or visual information from any application. The basis for the system is a screen capture upon which the user can highlight the relevant portions of the image. The user can define ...},
note = {Sehr hohe Relevanz},
pages = {1--10},
year = {2004},
month = {Oct},
keywords = {annotation, digital ink, image summarization, screen capture}, 
date-added = {2010-07-13 16:58:17 +0200},
date-modified = {2010-10-17 11:33:56 +0200},
pmid = {1029632.1029663},
URL = {http://portal.acm.org/citation.cfm?id=1029632.1029663},
local-url = {file://localhost/Users/xonic/Documents/Papers/2004/Olsen/UIST%20'04%20Proceedings%20of%20the%2017th%20annual%20ACM%20symposium%20on%20User%20interface%20software%20and%20technology%202004%20Olsen%20ScreenCrayons%20annotating%20anything.pdf},
uri = {papers://CB31F6F2-8ECE-4DCB-8756-8B0E41C7717D/Paper/p27},
read = {Yes},
rating = {5}
}

@article{Tse:2004p180,
author = {Edward Tse and Jonathan Histon and Stacey Scott and Saul Greenberg}, 
journal = {CSCW '04: Proceedings of the 2004 ACM conference on Computer supported cooperative work},
title = {Avoiding interference: how people use spatial separation and partitioning in SDG workspaces},
abstract = {Single Display Groupware (SDG) lets multiple co-located people, each with their own input device, interact simultaneously over a single communal display. While SDG is beneficial, there is risk of <i>interference</i>: when two people are interacting ...},
note = {Hohe Relevanz
},
year = {2004},
month = {Nov},
keywords = {single display groupware (SDG, co-located collaboration}, 
date-added = {2010-10-07 16:51:33 +0200},
date-modified = {2010-10-18 16:33:17 +0200},
pmid = {1031607.1031647},
URL = {http://portal.acm.org/citation.cfm?id=1031607.1031647},
local-url = {file://localhost/Users/xonic/Documents/Papers/2004/Tse/CSCW%20'04%20Proceedings%20of%20the%202004%20ACM%20conference%20on%20Computer%20supported%20cooperative%20work%202004%20Tse%20Avoiding%20interference%20how%20people%20use.pdf},
uri = {papers://CB31F6F2-8ECE-4DCB-8756-8B0E41C7717D/Paper/p180},
read = {Yes},
rating = {4}
}

@article{Saund:2003p66,
author = {Eric Saund and Edward Lank}, 
journal = {UIST '03: Proceedings of the 16th annual ACM symposium on User interface software and technology},
title = {Stylus input and editing without prior selection of mode},
abstract = {This paper offers a solution to the mode problem in computer sketch/notetaking programs. Conventionally, the user must specify the intended "draw" or "command" mode prior to performing a stroke. This necessity has proven to be a barrier to the ...},
pages = {1--4},
year = {2003},
month = {Nov},
keywords = {command, inkscribe, draw, inferred-Mode protocol, mode, sketch, pen, stylus}, 
date-added = {2010-09-14 15:49:15 +0200},
date-modified = {2010-10-07 14:29:17 +0200},
pmid = {964696.964720},
URL = {http://portal.acm.org/citation.cfm?id=964696.964720},
local-url = {file://localhost/Users/xonic/.dropbox-alt/Dropbox/diplomprojekt/recherche/papers/_p213-saund.pdf},
uri = {papers://CB31F6F2-8ECE-4DCB-8756-8B0E41C7717D/Paper/p66},
read = {Yes},
rating = {0}
}

@article{BasteaForte:2007p123,
author = {Marcello Bast{\'e}a-Forte and Corina Yen}, 
journal = {CHI '07: CHI '07 extended abstracts on Human factors in computing systems},
title = {Encouraging contribution to shared sketches in brainstorming meetings},
abstract = {Brainstorming in small design groups typically involves one person taking notes and sketching at a whiteboard while other group members remain seated and contribute verbally. We believe that lowering the threshold for shared sketching improves idea generation ...},
note = {Sehr hohe Relevanz},
year = {2007},
month = {Apr},
keywords = {tablet PC, digital whiteboard, brainstorming, design meetings, sketching, collaborative sketching}, 
date-added = {2010-10-07 15:44:52 +0200},
date-modified = {2010-10-23 15:01:04 +0200},
pmid = {1240866.1240992},
URL = {http://portal.acm.org/citation.cfm?id=1240866.1240992},
local-url = {file://localhost/Users/xonic/Documents/Papers/2007/Bast%C3%A9a-Forte/CHI%20'07%20CHI%20'07%20extended%20abstracts%20on%20Human%20factors%20in%20computing%20systems%202007%20Bast%C3%A9a-Forte%20Encouraging%20contribution%20to%20shared%20sketches.pdf},
uri = {papers://CB31F6F2-8ECE-4DCB-8756-8B0E41C7717D/Paper/p123},
read = {Yes},
rating = {5}
}

